

%%
%% Artikel dari jurnal
%%

@article{illusiveSound,
  author          = {Gea Oswah Fatah Parikesit and Indraswari Kusumaningtyas},
  title           = {The illusive sound of a Bundengan string},
  journal         = {Physics Education},
  volume          = {52},
  number          = {055007},
  year            = {2017}
}

@article{paperGetaranBandulan,
  author          = {Gea Oswah Fatah Parikesit and Indraswari Kusumaningtyas},
  title           = {Vibration of clipped strings in the bundengan musical instrument},
  journal         = {Applied Acoustics},
  volume          = {155},
  number          = {204-215},
  year            = {2019}
}

@article{arteri-cmap,
	author = {Michelle Borkin and Krzysztof Gajos and Amanda Peters and Dimitrios Mitsouras and Simone Melchionna and Frank Rybicki and Charles Feldman and Hanspeter Pfister},
	title = {{Evaluation of Artery Visualizations for Heart Disease Diagnosis}},
	journal = {IEEE Transactions on Visualization and Computer Graphics},
	volume = {17},
	number = {12},
	pages = {2479–2488},
	year = {2011}
}

@article{GuidoArezzo,
  author          = {Anna J. Reisenweaver},
  title           = {Guido of {Arezzo} and His Influence on Music Learning},
  journal         = {Musical Offerings},
  volume          = {3},
  number          = {1},
  year            = {2012}
}

@article{PakeHP,
  author          = {Scott H. Hawley and Robert E. McClain},
  title           = {Visualizing Sound Directivity via Smartphone Sensors},
  journal         = {The Physics Teachers},
  volume          = {56},
  number          = {72},
  year            = {2018}
}

@article{SUSAdjective,
  author          = {Aaron Bangor and Philip Kortum and James Miller},
  journal         = {Journal of Usability Studies},
  number          = {3},
  title           = {{Determining What Individual SUS Scores Mean: Adding an Adjective Rating Scale}},
  volume          = {4},
  year            = {2009}
}

%%
%%  Buku teks
%%
@book{kunst,
  author         = {Jaap Kunst},
  editor         = {},
  title          = {Music in Java: Its history, its theory, and its technique},
  publisher      = {Springer Science+Business Media},
  year           = {1949},
  address = {Dordrecht (NL)}
}

@book{kinsler,
	author = {Lawrence E. Kinsler and Austin R. Frey and Alan B. Coppens and James V. Sanders},
	title = {Fundamentals of Acoustics},
	publisher = {Wiley},
	year = {2000},
	address = {New York}
}

@book{meyer,
  author         = {Jürgen Meyer},
  editor         = {},
  title          = {Acoustics and the Performance of Music: Manual for Acousticians, Audio Engineers, Musicians, Architects and Musical Instruments Makers},
  publisher      = {Springer Science+Business Media},
  year           = {2009},
  address = {New York}
}

@book{bukuFletcher,
  author         = {Neville H. Fletcher and Thomas D. Rossing},
  editor         = {},
  title          = {The Physics of Musical Instruments},
  publisher      = {Springer Science+Business Media},
  year           = {1998},
  address        = {New York}
}

@book{buku_visual,
  author          = {Metthew O. Ward and Georges Grinstein and Daniel Keim},
  editor          = {},
  title           = {Interactive Data Visualization: Foundations, Techniques, and Applications},
  publisher       = {Taylor and Francis Group},
  year            = {2015},
  address         = {Boca Raton (FL)}
}

@book{bukuMusik,
  title={Seni Musik Tradisi Nusantara},
  author={Ketut Wisnawa},
  editor         = {},
  address = {Bali},
  year={2020},
  publisher={Nilacakra}
}

@book{bukuTeoriMusik,
  title={The AB Guide to Music Theory, Part 1},
  author={Eric Taylor},
  editor         = {},
  address = {London},
  year={1989},
  publisher={ABRSM}
}

@book{bukuLaguIndo,
  title={Terlengkap Kumpulan Lagu Wajib Nasional, Lagu Daerah, dan Lagu Anak Indonesia},
  author={Wildan Bayudi},
  editor         = {},
  address = {Yogyakarta},
  year={2019},
  publisher={Laksana}
}

@book{bukuUlrich,
  author         = {Karl T. Ulrich and Steven D. Eppinger},
  editor         = {},
  title          = {Product Design and Development},
  publisher      = {McGraw-Hill Education},
  address        = {New York},
  year           = {2016}
}

@book{handbookAcoustic,
  author         = {Thomas D. Rossing},
  editor         = {},
  title          = {Springer Handbook of Acoustics},
  publisher      = {Springer Science+Business Media},
  address        = {New York},
  year           = {2007}
}


@incollection{ArtikelBukuSPL,
  author         = {S.A. Hall and G.W. Crockford},
  title          = {The Physical Environment},
  booktitle      = {Occupational Health Practice},
  chapter        = {13},
  pages          = {258 -- 287},
  publisher      = {Butterworth-Heinemann},
  address        = {London},
  year           = {1973}
}

@incollection{SUS,
  author         = {John Brooke},
  booktitle      = {Usability Evaluation In Industry},
  publisher      = {Taylor and Francis},
  title          = {{SUS: A 'Quick and Dirty' Usability Scale}},
  address        = {London},
  year           = {1996}
}

@incollection{GUI-sumber,
  author         = {Ishan Banerjee},
  booktitle      = {Advances in Computers},
  publisher      = {Elsevier},
  chapter        = {2},
  volume         = {105},
  pages          = {45 -- 78},
  title          = {{Advances in Model-Based Testing of GUI-Based Software}},
  year           = {2017}
}

%%
%% Tesis S2
%%

@TESIS{tesis,
  author = {Agus Arif},
  title = {{Kontrol Sliding Mode dengan Tebal Boundary Layer yang
Bervariasi pada Manipulator Planar}},
  school = {Program Pasca Sarjana, Institut
Teknologi Bandung},
  year = {2000},
  address={Bandung}
}

%%
%% Disertasi S3
%%

@DISERTASI{disertasi,
  author = {Barend van Wachem},
  title = {{Derivation, Implementation and Validation of Computer
Simulation Models for Gas-Solid Fluidized Beds}},
  school = {Delft University
of Technology},
  year = {2000},
  address = {Delft}
}

%%
%% Skripsi S1
%%

@SKRIPSI{skripsiSaid,
  author = {Muhammad Sa’id Abdulloh},
  title = {Kajian Organologi Musik Bundengan di Wonosobo},
  school = {Institut Seni Indonesia},
  year = {2017},
  address = {Surakarta}
}

@SKRIPSI{skripsiMona,
  author = {Mona Fioni},
  title = {Pengaruh dari Dimensi dan Orientasi Bandulan serta Tegangan Senar terhadap Pergerakan Bandulan secara Translasional dan Rotasional},
  school = {Universitas Gadjah Mada},
  year = {2018},
  address = {Yogyakarta}
}

@SKRIPSI{skripsiAyrton,
  author = {Ayrton Fithiadi Sedjati},
  title = {Computational analysis of the effects of bamboo clip dimension and position towards the vibration characteristics of a plucked bundengan string},
  school = {Universitas Gadjah Mada},
  year = {2018},
  address = {Yogyakarta}
}

@SKRIPSI{skripsiJulda,
  author = {Asadulloh Julda Hifzhuddin},
  title = {Pengaruh Posisi dan Dimensi Bandulan terhadap Frekuensi Alami Getaran Senar sebagai Validasi untuk Simulator Senar Bundengan},
  school = {Universitas Gadjah Mada},
  year = {2018},
  address = {Yogyakarta}
}

@SKRIPSI{skripsiRaymond,
  author = {Raymond Christianto},
  title = {Rancang Bangun Simulator Kowangan Berbasis Scilab},
  school = {Universitas Gadjah Mada},
  year = {2018},
  address = {Yogyakarta}
}

@SKRIPSI{skripsiSimanungkalit,
  author = {Luis Corianti Simanungkalit},
  title = {Analisis Karakteristik Getaran Kowangan dengan Menggunakan Metode Experimental Modal Analysis},
  school = {Universitas Gadjah Mada},
  year = {2019},
  address = {Yogyakarta}
}

@SKRIPSI{skripsiMuharram,
  author = {Fadillah Muharram},
  title = {Pengukuran Tingkat Tekanan Bunyi pada Alat Musik Bundengan menggunakan Susunan Mikrofon pada Bidang Planar Berbentuk Persegi},
  school = {Universitas Gadjah Mada},
  year = {2019},
  address = {Yogyakarta}
}

@SKRIPSI{skripsiZidan,
  author = {Zidan Yusron Wijanarko},
  title = {Analisis Tingkat Tekanan Bunyi pada Alat Musik Bundengan menggunakan Model Kowangan dengan Bentuk Dasar Seperdelapan Bola},
  school = {Universitas Gadjah Mada},
  year = {2020},
  address = {Yogyakarta}
}

@SKRIPSI{skripsiAzfar,
  author = {Azfar Pratama},
  title = {Karakterisasi Getaran Pelat Bambu Bundengan dengan Simulasi Modal Analysis dan Respon Dinamik Menggunakan ABAQUS},
  school = {Universitas Gadjah Mada},
  year = {2018},
  address = {Yogyakarta}
}

%%
%% Laporan Kerja Praktek
%%

@KERJAPRAKTEK{kp,
  author = {Dian Dwilaga},
  title = {{Perhitungan Perisai Radiasi untuk Menentukan Workload
Pesawat Teleterapi Co-60 Cyrus}},
  school = {Jurusan Teknik Fisika, Fakultas Teknik, Universitas Gadjah Mada},
  year = {2007},
  address = {Yogyakarta}
}

%%
%% Laporan PEnelitian
%%

@PENELITIAN{penelitian,
  author = {Nazrul Effendy dan Faridah},
  title = {{Pengenalan Intonasi dalam Ucapan Berbahasa
Indonesia Menggunakan Jaringan Syaraf Tiruan}},
  note = {DIKS},
  school = {Fakultas Teknik, Universitas Gadjah Mada},
  year = {2008},
  address = {Yogyakarta}
}

%%
%% Artikel pada prosiding seminar
%%



@PROSIDING{SUSIndonesia,
  author = {Zahra Sharfina and Harry Budi Santoso},
  title = {{An Indonesian Adaptation of the System Usability Scale (SUS)}},
  booktitle = {International Conference on Advanced Computer Science and Information Systems},
  pages = {145-148},
  year = {2016},
  address = {Malang},
  month = {15-16 Oktober}
}

@PROSIDING{prosiding-cmap,
	author = {Bernice E. Rogowitz and Alan D. Kalvin},
	title = {{The "Which Blair project": A Quick Visual Method for Evaluating Perceptual Color Maps}},
	booktitle = {Proceedings Visualiza- tion, 2001. VIS ’01.},
	pages = {183–556},
	year = {2001}
}


@PROSIDING{alatMusikPersonal,
  author = {Gea Oswah Fatah Parikesit},
  title = {Why the bundengan is a personal musical instrument},
  booktitle = {Proceedings of the 49th International Congress and Exposition on Noise Control Engineering},
  year = {2020},
  address = {Seoul},
  month = {23-26 Agustus}
}

@PROSIDING{prosidingDirektivitas,
  author = {Indraswari Kusumaningtyas and Raymond Christianto and Gea Oswah Fatah Parikesit},
  title = {Sound directional characteristics of the bundengan musical instrument},
  booktitle = {Proceedings of Meetings on Acoustics},
  year = {2020},
  address = {},
  month = {7-11 Desember}
}

@PROSIDING{prosidingTeknikVisualisasi,
  author = {Samuel J. Hunt and Tom Mitchell and Chris Nash},
  title = {How can music visualisation techniques reveal different perspectives on musical structure?},
  booktitle = {Third International Conference on Technologies for Music Notation and Representation},
  year = {2017},
  address = {Spain},
  month = {Mei}
}

@PROSIDING{prosidingDimensiBandulan,
  author = {Indraswari Kusumaningtyas and Ayrton Fithiadi Sedjati and Asadulloh Julda Hifzhuddin and Gea Oswah Fatah Parikesit},
  title = {The effect of bamboo clip dimension and position towards the frequency spectrum of a vibrating inhomogeneous bundengan string},
  booktitle = {Inter-Noise, The 50th International Congress and Exhibition on Noise Control Engineering},
  year = {2021},
  address = {Washington, DC},
  month = {Agustus}
}

%%
%% Dokumen teknis
%%

@DOKTEKNAMA{dokteknama,
	Address = {Oak Ridge},
	Author = {Maurice Greene and Lester Petrie},
	Institution = {Oak Ridge National Laboratory},
	Number = {ORNL/NUREG/CSD-2/V2/R6},
	Title = {{XSDRNPM: A One-Dimensional Discrete Ordinates Code for Transport Analysis}},
	Year = {2000}}

@DOKTEKNONAMA{dokteknonama,
	Address = {Lebanon, NH},
	Institution = {Fluent Inc.},
	Number = {},
	Title = {{Fluent 6.3 User's Guide}},
	Year = {2006}}

%%
%% Artikel pada majalah atau surat kabar
%%

@MAJALAH{majalah1,
  title = {{Ketika Musim Berganti di Nistelrode}},
  journal = {Kompas},
  year = {14 November 2009},
  pages = {45}
}

@MAJALAH{majalah2,
  title = {{Grow Your Own: The Biofuels of The Future Will Be Tailor-Made}},
  journal = {The
Economist},
  year = {21 -- 27 Juni 2008},
  pages = {13 -- 16}
}

%%
%% Halaman dari situs internet
%%

@WEBPAGE{5user, 
  author = {Jakob Nielsen},
  title = {{Why You Only Need to Test with 5 Users}},
    Institution = {Nielsen Norman Group},
    year = {2000},
  url = {https://www.nngroup.com/articles/why-you-only-need-to-test-with-5-users/},
  lastchecked = {12 Februari 2022}
}

@WEBPAGE{cmap,
	title = {Colormap reference},
	institution = {Matplotlib},
	url = {https://matplotlib.org/stable/gallery/color/colormap_reference.html},
	lastchecked = {31 Januari 2022}
}

@WEBPAGE{webKemendikbud, 
  author = {Direktorat Warisan dan Diplomasi Budaya},
  title = {Warisan Budaya Takbenda Indonesia},
    Institution = {Kementerian Pendidikan dan Kebudayaan},
    year = {2018},
  url = {https://warisanbudaya.kemdikbud.go.id/?tentang&active=panduan},
  lastchecked = {18 Agustus 2021}
}

@WEBPAGE{palmer, 
  author = {Palmer Keen},
  title = {Bundengan Stories: Folk Zithers and Duck Herders in Wonosobo, Central Java},
    Institution = {Aural Archipelago},
    year = {2017},
  url = {https://www.auralarchipelago.com/auralarchipelago/bundengan},
  lastchecked = {18 Agustus 2021}
}

@WEBPAGE{palmer2, 
  author = {Palmer Keen},
  title = {The Many Sounds of Predi, a Minangkabau Artisan},
    Institution = {Aural Archipelago},
    year = {2018},
  url = {https://www.auralarchipelago.com/?offset=1550567675914#},
  lastchecked = {3 September 2021}
}

@WEBPAGE{WQXR, 
  author = {James Bennett II},
  title = {How Was Musical Notation Invented? A Brief History},
    Institution = {WQXR: New York City’s Classical Music Radio Station},
    year = {2017},
  url = {https://www.wqxr.org/story/how-was-musical-notation-invented-brief-history/},
  lastchecked = {30 September 2021}
}

@WEBPAGE{danRussel-pole, 
  author = {Daniel A. Russell},
  title = {Sound Fields Radiated by Simple Sources},
    Institution = {Acoustics and Vibration Animations},
    year = {2013},
  url = {https://www.acs.psu.edu/drussell/demos/rad2/mdq.html},
  lastchecked = {15 Oktober 2021}
}

%%
%% Artikel atau file yang didownload dari situs internet
%%

@WEBPAGE{web2,
  author = {Cheng Ting Hsu},
  title = {{Tornado Type Wind Turbine}},
   Institution = {United States Patent},
   year= {1984},
  url = {http://www.freepatentsonline.com/4452562.pdf},
  lastchecked = {1 Mei 2009}
}

@WEBPAGE{pentasBundengan,
  author = {},
  title = {Konser Bundengan},
   Institution = {PPID Pembantu Sekretariat Daerah Kabupaten Wonosobo},
   year= {2018},
  url = {https://ppidsetda.wonosobokab.go.id/galleries/konser-bundengan/},
  lastchecked = {18 Agustus 2021}
}

@WEBPAGE{statistikBudaya,
  author = {},
  title = {Statistik Sosial Budaya},
   Institution = {Badan Pusat Statistik},
   year= {2018},
  url = {https://www.bps.go.id//publication/2019/07/05/153a8fecadb642f5c4cf32e5/statistik-sosial-budaya-2018.html},
  lastchecked = {18 Agustus 2021}
}

@WEBPAGE{videoTedEd,
  author = {Tim Hansen},
  title = {How to read music},
   Institution = {TED-Ed},
   year= {2013},
  url = {https://youtu.be/ZN41d7Txcq0},
  lastchecked = {31 Agustus 2021}
}

@WEBPAGE{videoBundenganTNTF,
  author = {},
  title = {Mengenali Fenomena Fisis Bundengan (Bagian I)},
   Institution = {DTNTF UGM},
   year= {2020},
  url = {https://youtu.be/2QuEaKj_89c},
  lastchecked = {14 September 2021}
}

%
%DOKUMEN PRIBADI-------
%

@misc{fotoBuAri,
  author       = {Indraswari Kusumaningtyas},
  title        = {Arsip Foto Bundengan},
  howpublished = {Dokumen Pribadi},
  year         = {2019}
}