

@ARTICLE{article1,
  author = {Fatih Alim and Konstadin Ivanov and Samuel Levine},
  title = {{New Genetic Algorithm
(GA) to Optimize PWR Reactor. Part I: Loading Pattern and Burnable Poison
Placement Optimization Techniques for PWRs}},
  journal = {Annals of Nuclear Energy},
  year = {2008},
  volume = {35},
  pages = {93--112}
}



@DIKTAT{diktat,
  author = {Rachmawan Budiarto},
  school = {Jurusan Teknik Fisika, Universitas Gadjah Mada},
  title = {{Diktat Rekayasa Energi Air}},
  year = {2010},
  address={Yogyakarta}
}

@PRESENTASI{presentasi,
  author = {Ester Wijayanti},
  school = {Jurusan Teknik Fisika, Universitas Gadjah Mada},
  title = {{Optimasi Numeris}},
  coursename={{Optimasi Teknik}},
  year = {20 Oktober 2008},
  address={Yogyakarta}
}

@KOMPRIVAT{komprivat,
  author = {Albert Einstein},
  year = {1 Januari 2010}
}

@BOOK{book1,
  title = {{Nuclear Reactor Physics}},
  publisher = {John Wiley \& Sons, Inc.},
  year = {2007},
  author = {Weston M. Stacey},
  address = {New York}
}


@BOOK{book2,
  title = {{Swarm Inteligence: From Natural to Artificial Systems}},
  publisher = {Oxford University Press},
  year = {1999},
  author = {Eric Bonabeau and Marco Dorigo and Guy Theraulaz},
  address = {Oxford}
}

@TESIS{tesis,
  author = {Agus Arif},
  title = {{Kontrol Sliding Mode dengan Tebal Boundary Layer yang
Bervariasi pada Manipulator Planar}},
  school = {Program Pasca Sarjana, Institut
Teknologi Bandung},
  year = {2000},
  address={Bandung}
}


@DISERTASI{disertasi,
  author = {Barend van Wachem},
  title = {{Derivation, Implementation and Validation of Computer
Simulation Models for Gas-Solid Fluidized Beds}},
  school = {Delft University
of Technology},
  year = {2000},
  address = {Delft}
}


@SKRIPSI{skripsi,
  author = {Aditya Endrita Putra},
  title = {{Analisis CFD Aliran Fluida pada \textit{Tornado Type Wind
Turbines} (TTWT) Menggunakan Fluent 6.2.16}},
  school = {Jurusan Teknik Fisika, Fakultas Teknik, Universitas Gadjah Mada},
  year = {2008},
  address = {Yogyakarta}
}

@KERJAPRAKTEK{kp,
  author = {Dian Dwilaga},
  title = {{Perhitungan Perisai Radiasi untuk Menentukan Workload
Pesawat Teleterapi Co-60 Cyrus}},
  school = {Jurusan Teknik Fisika, Fakultas Teknik, Universitas Gadjah Mada},
  year = {2007},
  address = {Yogyakarta}
}

@PENELITIAN{penelitian,
  author = {Nazrul Effendy dan Faridah},
  title = {{Pengenalan Intonasi dalam Ucapan Berbahasa
Indonesia Menggunakan Jaringan Syaraf Tiruan}},
  note = {DIKS},
  school = {Fakultas Teknik, Universitas Gadjah Mada},
  year = {2008},
  address = {Yogyakarta}
}


@PROSIDING{proceeding1,
  author = {Fitri Wulandari and Andang Widi Harto and Alexander Agung},
  title = {{Perhitungan
Reaktivitas Desain Teras Molten Salt Fast Breeder Reactor (MS-FBR)}},
  booktitle = {Prosiding Seminar Nasional ke-12 Teknologi dan Keselamatan PLTN
	serta Fasilitas Nuklir},
  pages = {432 -- 441},
  year = {2006},
  address = {Yogyakarta},
  month = {12 -- 13 September}
}

@DOKTEKNAMA{dokteknama,
	Address = {Oak Ridge},
	Author = {Maurice Greene and Lester Petrie},
	Institution = {Oak Ridge National Laboratory},
	Number = {ORNL/NUREG/CSD-2/V2/R6},
	Title = {{XSDRNPM: A One-Dimensional Discrete Ordinates Code for Transport Analysis}},
	Year = {2000}}

@DOKTEKNAMA{dokteknonama,
	Address = {Lebanon, NH},
	Institution = {Fluent Inc.},
	Number = {},
	Title = {{Fluent 6.3 User's Guide}},
	Year = {2006}}


@MAJALAH{majalah1,
  title = {{Ketika Musim Berganti di Nistelrode}},
  journal = {Kompas},
  year = {14 November 2009},
  pages = {45}
}

@MAJALAH{majalah2,
  title = {{Grow Your Own: The Biofuels of The Future Will Be Tailor-Made}},
  journal = {The
Economist},
  year = {21 -- 27 Juni 2008},
  pages = {13 -- 16}
}

@WEBPAGE{web1,
  author = {Wikipedia},
  title = {{Hydrogen}},
  url = {http://en.wikipedia.org/wiki/Hydrogen},
  lastchecked = {11 November 2007}
}

@WEBPAGE{web2,
  author = {Cheng Ting Hsu},
  title = {{Tornado Type Wind Turbine}},
   Institution = {United States Patent},
   year= {1984},
  url = {http://www.freepatentsonline.com/4452562.pdf},
  lastchecked = {1 Mei 2009}
}


